@MISC{ScrubCalc,
TITLE = "{S}crubbing {C}alculator",
AUTHOR = "Victor, B.",
YEAR = "2011",
HOWPUBLISHED = "\url{http://worrydream.com/ScrubbingCalculator/}"}

@MISC{Soulver,
TITLE = "{S}oulver | {A}cqualia",
AUTHOR = "Acqualia Software Pty. Ltd.",
YEAR = "2011",
HOWPUBLISHED = "\url{http://www.acqualia.com/soulver/}"}

@MISC{KillMath,
TITLE = "{K}ill {M}ath",
AUTHOR = "Victor, B.",
YEAR = "2011",
HOWPUBLISHED = "\url{http://worrydream.com/KillMath/}"}

@MISC{PiCubed,
TITLE = "{P}i {C}ubed | {S}unset {L}ake {S}oftware",
AUTHOR = "Sunset Lake Software LLC",
YEAR = "2012",
HOWPUBLISHED = "\url{http://www.sunsetlakesoftware.com/picubed}"}

@ARTICLE{Abraham2010,
TITLE = "{T}he {T}rouble with {M}ath",
AUTHOR = "Abraham, R.",
YEAR = "2010",
JOURNAL = "Educating the Whole Child for the Whole World: The Ross School Model and Education for the Global Era",
PAGES = "125-137"}

@REPORT{Blackwell1998,
TITLE = "Cognitive Dimensions of Information Artefacts: a tutorial",
AUTHOR = "Blackwell, A.~F. and Green, T.~R.~G.",
YEAR = "1998"}
